@book{Bekman:2003,
 author = {Bekman, Stas and Cholet, Eric},
 title = {Practical Mod\_PERL},
 year = {2003},
 isbn = {0596002270},
 publisher = {O'Reilly \& Associates, Inc.},
 address = {Sebastopol, CA, USA},
}

@book{Crockford:2008,
 author = {Crockford, Douglas},
 title = {JavaScript: The Good Parts},
 year = {2008},
 isbn = {0596517742},
 publisher = {O'Reilly Media, Inc.},
}

@misc{Culloca:2006,
  author = {Federico and Culloca and others},
  title = {How the Web woks},
  year = 2021,
  note = {letzter Zugriff: 13. 07. 2021},
  url = {https://developer.mozilla.org/en-US/docs/Learn/Getting_started_with_the_web/How_the_Web_works}
}

@misc{Dubost:2012,
  author = {Dubost, Karl},
  title = {HTTP - an Application-Level Protocol},
  year = 2012,
  note = {letzter Zugriff: 13. 07. 2021},
  url = {https://dev.opera.com/articles/http-basic-introduction/}
}

@manual{Fielding:2014,
  title  = {Hypertext Transfer Protocol (HTTP/1.1): Semantics and Content },
  author = {Fielding, Roy and Reschke, Julian},
  organization = {IETF},
  address = {5177 Brandin Court Fremont, CA 94538},
  url = {https://tools.ietf.org/html/draft-ietf-httpbis-p2-semantics-26#section-4},
  year = 2014,
  note = {letzter Zugriff: 13. 07. 2021}
}

@misc{Garrett:2005,
  author = {Garrett, Jesse James},
  title = {Ajax: A New Approach to Web Applications},
  year = 2005,
  note = {letzter Zugriff: 13. 07. 2021},
  url = {https://web.archive.org/web/20181231042432/https://adaptivepath.org/ideas/ajax-new-approach-web-applications/}
}

@book{lahres2009objektorientierte,
  title={Objektorientierte Programmierung: Das umfassende Handbuch},
  author={Lahres, B. and Rayman, G.},
  isbn={9783836222280},
  url={https://books.google.de/books?id=ZusSnQAACAAJ},
  year={2009},
  publisher={Rheinwerk Verlag}
}

@misc{Kukic:2014,
  author = {Kukic, Ado},
  title = {AngularJS Best Practices: Directory Structure},
  year = 2014,
  note = {letzter Zugriff: 13. 07. 2021},
  url = {https://scotch.io/tutorials/angularjs-best-practices-directory-structure}
}

@book{LaunchSchool:2016,
 author = {LaunchSchool},
 title = {Working with Web APIs},
 year = {2016},
 publisher = {Launch School},
 url = {https://launchschool.com/books/working_with_apis},
 note = {letzter Zugriff: 13. 07. 2021}
}

@misc{MSDN:2010:MVP,
  author = {MSDN},
  title = {The Model-View-Presenter (MVP) Pattern},
  year = 2010,
  note = {letzter Zugriff: 13. 07. 2021},
  url = {https://msdn.microsoft.com/en-us/library/ff649571.aspx}
}

@misc{MSDN:2009:MVVM,
  author = {MSDN},
  title = {The MVVM Pattern},
  year = 2009,
  note = {letzter Zugriff: 13. 07. 2021},
  url = {https://docs.microsoft.com/en-us/archive/msdn-magazine/2009/february/patterns-wpf-apps-with-the-model-view-viewmodel-design-pattern}
}


@book{Marcotte:2011,
 author = {Marcotte, Ethan},
 title = {Responsive Web Design},
 year = {2011},
 isbn = {9780984442577},
 publisher = {A Book Apart},
}

@book{Parikh:2015,
 author = {Parikh, Aarti and Agram, Albert and others},
 title = {Introduction to HTTP},
 year = {2015},
 publisher = {Launch School},
 url = {https://launchschool.com/books/http},
 note = {letzter Zugriff: 13. 11. 2021}
}

@book{Peyrott:2018,
 author = {Sebastian E. Peyrott},
 title = {The JWT Handbook},
 year = {2018},
 publisher = {Auth0 Inc},
 url = {https://auth0.com/resources/ebooks/jwt-handbook},
 note = {letzter Zugriff: 13. 11. 2021}
}

@article{Schippers:2006,
  author = {Schippers, Ben},
  title = {App Fatigue},
  journal = {TechCrunch},
  year = {2016},
  url = {https://techcrunch.com/2016/02/03/app-fatigue/},
  note = {letzter Zugriff:  13. 07. 2021}
}
