@book{Bekman:2003,
 author = {Bekman, Stas and Cholet, Eric},
 title = {Practical Mod\_PERL},
 year = {2003},
 isbn = {0596002270},
 publisher = {O'Reilly \& Associates, Inc.},
 address = {Sebastopol, CA, USA},
}

@book{Crockford:2008,
 author = {Crockford, Douglas},
 title = {JavaScript: The Good Parts},
 year = {2008},
 isbn = {0596517742},
 publisher = {O'Reilly Media, Inc.},
} 

@misc{Dubost:2012,
  author = {Dubost, Karl},
  title = {HTTP - an Application-Level Protocol},
  yaer = 2012,
  note = {letzter Zugriff: 06. 11. 2016},
  url = {https://dev.opera.com/articles/http-basic-introduction/}
}

@misc{Culloca:2006,
  author = {Federico and Culloca and others},
  title = {How the Web woks},
  yaer = 2016,
  note = {letzter Zugriff: 20. 10. 2016},
  url = {https://developer.mozilla.org/en-US/docs/Learn/Getting_started_with_the_web/How_the_Web_works}
}

@manual{Fielding:2014,
  title  = {Hypertext Transfer Protocol (HTTP/1.1): Semantics and Content },
  author = {Fielding, Roy and Reschke, Julian}, 
  organization = {IETF},
  address = {5177 Brandin Court Fremont, CA 94538},
  url = {https://tools.ietf.org/html/draft-ietf-httpbis-p2-semantics-26#section-4},
  year = 2014,
  note = {letzter Zugriff: 06. 11. 2016}
}

@misc{MSDN:2016:MVP,
  author = {MSDN},
  title = {The Model-View-Presenter (MVP) Pattern},
  yaer = 2016,
  note = {letzter Zugriff: 18. 11. 2016},
  url = {https://msdn.microsoft.com/en-us/library/ff649571.aspx}
}

@misc{MSDN:2016:MVVM,
  author = {MSDN},
  title = {The MVVM Pattern},
  yaer = 2016,
  note = {letzter Zugriff: 18. 11. 2016},
  url = {https://msdn.microsoft.com/en-us/library/ff649571.aspx}
}

@book{Parikh:2015,
 author = {Parikh, Aarti and Agram, Albert and others},
 title = {Introduction to HTTP},
 year = {2015},
 publisher = {Launch School},
 url = {https://launchschool.com/books/http},
 note = {letzter Zugriff: 20. 10. 2016}
} 

@article{Schippers:2006,
  author = {Schippers, Ben},
  title = {App Fatigue},
  journal = {TechCrunch},
  year = {2016},
  url = {https://techcrunch.com/2016/02/03/app-fatigue/},
  note = {letzter Zugriff:  17. 10. 2016}
}
